% ------------------------------------------------------------------------------
% BOOKS
% ------------------------------------------------------------------------------

@book{Hajian2019,
   author = {Majid Hajian},
   doi = {10.1007/978-1-4842-4448-7},
   journal = {Progressive Web Apps with Angular},
   publisher = {Apress},
   title = {Progressive Web Apps with Angular},
   year = {2019},
}


@book{PracitalNodeJS, place={New York}, title={Practical Node.js Building Real-World Scalable Web Apps}, publisher={Apress}, author={Mardan, Azat}, year={2018}}

@book{NodeJSRecepies, place={Dordrecht}, title={Node A Problem-Solution Approach}, publisher={Springer}, author={Gackenheimer, Cory}, year={2013}, doi={10.10007/978-1-4302-6059-2}}

@book{JavaForAndroid, place={Berkeley, CA}, title={Learn Java for Android Development}, publisher={Apress}, author={Friesen, Jeff}, year={2014}}

@book{BeginningPWA, title={Beginning progressive web app development - creating a native app experienc}, publisher={Apress}, author={Sheppard, Dennis}, year={2017}, doi={10.1007/978-1-4842-3090-9} }

@book{ProAngular, place={S.L.}, title={Pro Angular 2}, publisher={Springer Verlag}, author={Freeman, Adam}, year={2017}, doi={10.1007/978-1-4842-2307-9}}

% ------------------------------------------------------------------------------
% DOCUMENTATIONS
% ------------------------------------------------------------------------------

@misc{GoogleOfflineApps,
author = {Google},
title = {{Offline First - Google Chrome}},
url = {https://developer.chrome.com/apps/offline{\_}apps},
urldate = {2019-10-12}
}

@misc{GooglePWAOverview,
author = {Google},
title = {{Progressive Web Apps | Google Developers}},
url = {https://developers.google.com/web/progressive-web-apps},
urldate = {2019-10-12}
}

@misc{GooglePWAManifest,
author = {Gaunt, Matt and Kinlan, Paul},
title = {{The Web App Manifest | Web Fundamentals | Google Developers}},
url = {https://developers.google.com/web/fundamentals/web-app-manifest?hl=en},
urldate = {2019-10-12}
}

@misc{NodeJSWebsiteAbout, title={About}, url={https://nodejs.org/en/about/}, author={Foundation, Node.js}}


@misc{KotlinAndroid, title={Kotlin and Android  :   Android Developers}, url={https://developer.android.com/kotlin}, journal={Android Developers}}


@misc{GooglePWADesktop, title={Progressive Web Apps on Desktop  |  Google Developers}, url={https://developers.google.com/web/progressive-web-apps/desktop}, journal={Google}, publisher={Google}, author={LePage, Pete}}

@misc{AndroidStudio, title={Android Studio and SDK tools}, url={https://developer.android.com/studio}, journal={Android Developers}}

@misc{GooglePWAInstallation, title={Add to Home Screen  |  Web Fundamentals  |  Google Developers}, url={https://developers.google.com/web/fundamentals/app-install-banners}, journal={Web Fundamentals}, publisher={Google}, author={LePage, Pete}}

@misc{CanIUseWebManifest, title={Can I use... Support tables for HTML5, CSS3, etc}, url={https://caniuse.com/#search=web manifest}, journal={Support tables for HTML5, CSS3, etc}, author={Deveria, Alex}}

@misc{LocalStorage, title={Window.localStorage}, url={https://developer.mozilla.org/en-US/docs/Web/API/Window/localStorage}, journal={MDN Web Docs}, publisher={MDC Contributors}, year={2019}, month={8}}

% ------------------------------------------------------------------------------
% STATISTICS
% ------------------------------------------------------------------------------
@misc{StatistaMobileWebsiteNetReach2019, title={Mobile websites by net reach in Germany 2019}, url={https://www.statista.com/statistics/425372/mobile-websites-by-net-reach-germany/}, journal={Statista}}

@misc{StatistaMobileBrowserMarketShare, title={Mobile browser market share worldwide 2012-2019}, url={https://www.statista.com/statistics/263517/market-share-held-by-mobile-internet-browsers-worldwide/}, journal={Statista}}


@online{StatistaMarketShareSmartphone,
	title = {Mobile operating systems: internet usage share in Germany 2019},
	url = {https://www.statista.com/statistics/461981/mobile-operating-systems-internet-usage-share-germany/},
	shorttitle = {Mobile operating systems},
	abstract = {This statistic shows the market share of the most common mobile operating systems in the internet usage on mobile devices Germany from January 2009 to May 2019.},
	titleaddon = {Statista},
	urldate = {2019-10-10},
	langid = {english},
	keywords = {Einleitung, Statistik},
	file = {Snapshot:C\:\\Users\\goldschs\\Zotero\\storage\\TKX4YXZS\\mobile-operating-systems-internet-usage-share-germany.html:text/html;statistic_id461981_market-share-of-operating-systems-in-mobile-internet-usage-in-germany-2009-2019.png:C\:\\Users\\goldschs\\Zotero\\storage\\US9ZA3BK\\statistic_id461981_market-share-of-operating-systems-in-mobile-internet-usage-in-germany-2009-2019.png:image/png}
}

@misc{StatistaSmartphonesWorldwide, title={Number of smartphone users worldwide 2014-2020}, url={https://www.statista.com/statistics/330695/number-of-smartphone-users-worldwide/}, journal={Statista}}

@misc{StatistaWorldPopulation, title={Development of the world population until 2050}, url={https://www.statista.com/statistics/262875/development-of-the-world-population/}, journal={Statista}}

@misc{OctoverseGitHubStatistics, title={Projects}, url={https://octoverse.github.com/projects}, journal={The State of the Octoverse}, publisher={GitHub Inc.}, year={2019}}


@online{noauthor_stack_nodate,
	title = {Stack Overflow Developer Survey 2019},
	url = {https://insights.stackoverflow.com/survey/2019/?utm_source=social-share&utm_medium=social&utm_campaign=dev-survey-2019},
	abstract = {Nearly 90,000 took this comprehensive, annual survey of people who code. Demographics. Most loved, dreaded and wanted technologies. Salary and careers.},
	titleaddon = {Stack Overflow},
	urldate = {2019-10-10},
	keywords = {Statistik},
	file = {Snapshot:C\:\\Users\\goldschs\\Zotero\\storage\\GMZYEAZY\\2019.html:text/html}
}

@misc{GoogleShowCases, title={Show Cases (2016)  |  Web  |  Google Developers}, url={https://developers.google.com/web/showcase/2016}, journal={Google}, publisher={Google}}

% ------------------------------------------------------------------------------
% BILDER
% ------------------------------------------------------------------------------

@misc{ServiceWorkerDiagramm, title={Funktionsweise eines Service Workers}, url={https://www.heise.de/developer/imgs/06/2/2/1/9/1/4/9/ServiceWorker-8a0968f1b295f1ff.png}, journal={Heise}, author={Liebel, Christian}, year={2017}, month={6}}

@misc{PWAAddToHomeScreenPrompt, title={The mini-info bar}, url={https://developers.google.com/web/updates/images/2018/06/a2hs-infobar-cropped.png}, journal={The mini-info bar}, publisher={Google}, author={LePage, Pete}}


%------------------
% DUDEN
%------------

@misc{BegriffApp, title={Duden: App}, url={https://www.duden.de/rechtschreibung/App}, journal={Duden}, publisher={Bibliographisches Institut GmbH}}

