% ------------------------------------------------------------------------------
% BOOKS
% ------------------------------------------------------------------------------

@book{Hajian2019,
   author = {Majid Hajian},
   doi = {10.1007/978-1-4842-4448-7},
   journal = {Progressive Web Apps with Angular},
   publisher = {Apress},
   title = {Progressive Web Apps with Angular},
   year = {2019},
}


@book{PracitalNodeJS, location={New York}, title={Practical Node.js}, subtitle={Building Real-World Scalable Web Apps}, publisher={Apress}, author={Mardan, Azat}, year={2018}}

@book{NodeJSRecepies, location={Dordrecht}, title={{Node.js Recipes}}, subtitle={{A Problem-Solution Approach}}, publisher={Springer}, author={Gackenheimer, Cory}, year={2013}, doi={10.10007/978-1-4302-6059-2}}

@book{JavaForAndroid, location={Berkeley, CA}, title={{Learn Java for Android Development}}, publisher={Apress}, author={Friesen, Jeff}, year={2014}}

@book{BeginningPWA, title={{Beginning Progressive Web App Development -- Creating a Native App Experience}}, publisher={Apress}, author={Sheppard, Dennis}, year={2017}, doi={10.1007/978-1-4842-3090-9} }

@book{ProAngular, location={S.L.}, title={Pro Angular}, edition = {2}, publisher={Springer Verlag}, author={Freeman, Adam}, year={2017}, doi={10.1007/978-1-4842-2307-9}}

% ------------------------------------------------------------------------------
% DOCUMENTATIONS
% ------------------------------------------------------------------------------

@manual{GoogleOfflineApps,
organization = {Google, Inc.},
titleaddon = {{Google Developer Documentation}},
title = {{Offline First}},
url = {https://developer.chrome.com/apps/offline{\_}apps},
urldate = {2019-10-12}
}

@manual{GooglePWAOverview,
organization = {{Google, Inc.}},
title = {{Progressive Web Apps}},
titleaddon = {{Google Developer Documentation}},
url = {https://developers.google.com/web/progressive-web-apps},
urldate = {2019-10-12}
}

@manual{GooglePWAManifest,
title = {{The Web App Manifest | Web Fundamentals | Google Developers}},
titleaddon = {{Google Developer Documentation}},
url = {https://developers.google.com/web/fundamentals/web-app-manifest?hl=en},
urldate = {2019-10-12},
date = {2019-06-25}
}

@misc{NodeJSWebsiteAbout, title={{Node.js Developer Documentation}}, url={https://nodejs.org/en/about/}, organization={{OpenJS Foundation}}, urldate={2019-10-10}}


@manual{KotlinAndroid, title={{Kotlin and Android}}, titleaddon = {{Android Developer Documentation}}, url={https://developer.android.com/kotlin}, organization = {{Google, Inc.}}, urldate={2019-10-10}}


@manual{GooglePWADesktop, title={{Progressive Web Apps on Desktop}}, titleaddon = {{Google Developer Documentation}}, url={https://developers.google.com/web/progressive-web-apps/desktop}, organization={{Google, Inc.}}, urldate={2020-02-12}, date={2019-06-04}}

@manual{AndroidStudio, title={{Android Studio and SDK tools}}, titleaddon = {{Android Developer Documentation}}, url={https://developer.android.com/studio}, urldate={2020-02-12}}

@manual{GooglePWAInstallation, title={{Add to Home Screen}}, url={https://developers.google.com/web/fundamentals/app-install-banners}, organization={{Google, Inc.}}, titleaddon = {{Google Developer Documentation}}, urldate={2020-02-12}}

@manual{CanIUseWebManifest, title={{Can I use... Web Manifest}}, url={https://caniuse.com/#search=web manifest}, organization = {{CanIUse.com}}, urldate={2020-02-12}}

@manual{LocalStorage, title={{\texttt{Window.localStorage}}}, url={https://developer.mozilla.org/en-US/docs/Web/API/Window/localStorage}, organization={Mozilla}, titleaddon={{MDN Web Docs}}, year={2019}, month={8}, urldate={2020-02-12}}

@manual{MozillaHandlingCommonHTMLCSSProblems, title={{Handling common HTML and CSS problems}}, url={https://developer.mozilla.org/en-US/docs/Learn/Tools_and_testing/Cross_browser_testing/HTML_and_CSS}, titleaddon={MDN Web Docs}, organization={Mozilla}, urldate={2020-02-12}}

@manual{MaterialUI, title={{Angular Material}}, url={https://material.angular.io/}, titleaddon={Angular Developer Documentation}, organization={{Google, Inc.}}, urldate={2020-02-12}}

@manual{GoogleMaxAppSize, title={{Upload an App}}, url={https://support.google.com/googleplay/android-developer/answer/113469}, titleaddon={Google Support Center}, organization={{Google, Inc.}}, urldate={2020-02-12}}

@article{AppleMaxAppSize, title={{Now Accepting Larger Binaries}}, url={https://developer.apple.com/news/?id=02122015a}, journal={Apple Developer Documentation}, organization={{Apple, Inc.}}, year={2015}, month={2}, urldate={2020-02-12}}

% ------------------------------------------------------------------------------
% STATISTICS
% ------------------------------------------------------------------------------
@misc{StatistaMobileWebsiteNetReach2019, title={Mobile websites by net reach in Germany 2019}, url={https://www.statista.com/statistics/425372/mobile-websites-by-net-reach-germany/}, journal={Statista}, urldate={2020-02-12}}

@proceedings{StatistaMobileBrowserMarketShare, 
	title={Mobile browser market share worldwide 2012-2019},
	url={https://www.statista.com/statistics/263517/market-share-held-by-mobile-internet-browsers-worldwide/},
	publisher={Statista},
	organization = {{StatCounter}},
	date = {2019-09},
	urldate={2020-02-12}
}


@online{StatistaMarketShareSmartphone,
	title = {Mobile operating systems: internet usage share in Germany 2019},
	url = {https://www.statista.com/statistics/461981/mobile-operating-systems-internet-usage-share-germany/},
	shorttitle = {Mobile operating systems},
	abstract = {This statistic shows the market share of the most common mobile operating systems in the internet usage on mobile devices Germany from January 2009 to May 2019.},
	titleaddon = {Statista},
	urldate = {2019-10-10}
}

@proceedings{StatistaSmartphonesWorldwide, 
	title={Number of smartphone users worldwide 2014-2020}, 
	url={https://www.statista.com/statistics/330695/number-of-smartphone-users-worldwide/}, 
	publisher={Statista},
	organization={{Newzoo}},
	date = {2019-09},
	urldate={2020-02-12}
}

@proceedings{StatistaWorldPopulation, 
	title={Development of the world population until 2050},
	url={https://www.statista.com/statistics/262875/development-of-the-world-population/}, 
	publisher={Statista},
	organization={{United Nations}},
	date={2019-07},
	urldate={2020-02-12}
}

@report{OctoverseGitHubStatistics, title={Projects}, url={https://octoverse.github.com/projects}, journal={The State of the Octoverse}, institution={GitHub, Inc.}, year={2019}, urldate={2020-02-12}}


@misc{noauthor_stack_nodate,
	title = {{Developer Survey Results 2019}},
	organization = {{Stack Overflow}},
	url = {https://insights.stackoverflow.com/survey/2019/?utm_source=social-share&utm_medium=social&utm_campaign=dev-survey-2019},
	year = {2019},
	urldate = {2019-10-10}
}

@manual{GoogleShowCases, 
	title={{Show Cases}}, 
	url={https://developers.google.com/web/showcase/2016}, 
	organization={Google, Inc.}, 
	urldate={2020-02-12},
	year = {2016},
	titleaddon = {{Google Developer Documentation}}
}

% ------------------------------------------------------------------------------
% BILDER
% ------------------------------------------------------------------------------

@article{ServiceWorkerDiagramm, title={{Funktionsweise eines Service Workers}}, url={https://www.heise.de/developer/imgs/06/2/2/1/9/1/4/9/ServiceWorker-8a0968f1b295f1ff.png}, journaltitle={Heise}, author={Liebel, Christian}, year={2017}, month={6}, urldate={2020-02-12}}

@misc{PWAAddToHomeScreenPrompt, title={{The mini-info bar}}, url={https://developers.google.com/web/updates/images/2018/06/a2hs-infobar-cropped.png}, organization={{Google, Inc.}}, titleaddon = {{Google Developer Documentation}}, urldate={2020-02-12}}

% Interface Builder
https://developer.apple.com/library/archive/referencelibrary/GettingStarted/DevelopiOSAppsSwift/ImplementingACustomControl.html
% Direct Image Link
https://developer.apple.com/library/archive/referencelibrary/GettingStarted/DevelopiOSAppsSwift/Art/ICC_modifyinginspectableproperties_2x.png

%------------------
% DUDEN
%------------

@inreference{BegriffApp, 
	title={App}, 
	url={https://www.duden.de/rechtschreibung/App}, 
	booktitle={Duden}, 
	publisher={Bibliographisches Institut GmbH}, 
	urldate={2020-02-12}
}

@inbook{BegriffAppGabler, title={{Definition: App}}, url={https://www.gabler-banklexikon.de/definition/app-70646/version-336971}, booktitle={Gabler Banklexikon}, publisher={Springer}, author={Moormann, JÃ¼rgen}, urldate={2020-02-12}}

%--------------------
% OLLI'S STUFF
%--------------------

@manual{AppleMVC,
	title			= {{Model-View-Controler}},
	titleaddon = {{Apple Developer Documentation}},
	organization 	= {Apple, Inc.},
	date			= {2018-04-06},
	url				= {https://developer.apple.com/library/archive/documentation/General/Conceptual/DevPedia-CocoaCore/MVC.html},
	urldate			= {2020-02-11}
}

@Inbook{LesevaAdams2016,
author={{Leseva Adams, Radoslava and Lesev, Hristo}},
title={{Hello, Swift! -- A Tutorial for Building an iOS App}},
bookTitle={{Migrating to Swift from Flash and ActionScript}},
year={2016},
publisher={Apress},
address={Berkeley, CA},
pages={82},
isbn={978-1-4842-1666-8},
doi={10.1007/978-1-4842-1666-8_5},
url={https://doi.org/10.1007/978-1-4842-1666-8_5},
urldate={2020-02-11}
}

@image{RayMVC,
title={{Model-View-Controller (MVC) in iOS -- A Modern Approach}},
organization={{raywenderlich.com}},
date={2019-04-15},
url={https://www.raywenderlich.com/1000705-model-view-controller-mvc-in-ios-a-modern-approach},
urldate={2020-02-11}
}

@image{AppleIB,
title = {{Implement a Custom Control}},
titleaddon = {{Apple Developer Documentation}},
organization = {{Apple, Inc.}},
date = {2016-12-08},
url = {https://developer.apple.com/library/archive/referencelibrary/GettingStarted/DevelopiOSAppsSwift/ImplementingACustomControl.html},
urldate = {2020-02-11}
}

@manual{ApplePublish,
	title = {{App Store Review Guidelines}},
	titleaddon = {{Apple Developer Documentation}},
	organization = {{Apple, Inc.}},
	date = {2019-09-12},
	url = {https://developer.apple.com/app-store/review/guidelines/},
	urldate = {2020-02-11}
}


@manual{AppleSwift,
	title = {{Swift}},
	titleaddon = {{Apple Developer Documentation}},
	organization = {{Apple, Inc.}},
	url = {https://developer.apple.com/swift/},
	urldate = {2020-02-11}
}

@inbook{Garidis,
	title = {{Requirements Engineering}},
	booktitle = {{Software Engineering I (Lecture Slides)}},
	year = {2018},
	author = {Konstantin Garidis},
	publisher = {{Duale Hochschule Baden-WÃ¼rttemberg}},
	location = {Stuttgart}
}

@manual{AndroidStorage,
	title = {{Data and file storage overview}},
	titleaddon = {{Android Developer Documentation}},
	organization = {{Google, Inc.}},
	date = {2019-12-27},
	url = {https://developer.android.com/training/data-storage},
	urldate = {2020-02-12}
}

@manual{AppleDesign,
	title = {{Human Interface Guidelines}},
	titleaddon = {{Apple Developer Documentation}},
	organization = {{Apple, Inc.}},
	url = {https://developer.apple.com/design/human-interface-guidelines/},
	urldate = {2020-02-12}
}

@manual{AndroidDesign,
	title = {{Design for Android}},
	titleaddon = {{Android Developer Documentation}},
	organization = {{Google, Inc.}},
	date = {2019-12-27},
	url = {https://developer.android.com/design},
	urldate = {2020-02-12}
}

@manual{CocoaPods,
	title = {{Get on with building your app, not duplicating code}},
	organization = {{CocoaPods.org}},
	url = {https://cocoapods.org/about},
	urldate = {2020-02-12}
}
